%% LaTeX2e file `cs252project.bib'
%% generated by the `filecontents' environment
%% from source `Report' on 2017/12/12.
%%
@inproceedings{collberg,
  title={A Taxonomy of Obfuscating Transformations},
  author={Christian S. Collberg and Clark D. Thomborson and Douglas Low},
  year={1997}
}
@book{java_specs,
 author = {Gosling, James and Joy, Bill and Steele,Jr., Guy L. and Bracha, Gilad and Buckley, Alex},
 title = {The Java Language Specification, Java SE 7 Edition},
 year = {2013},
 isbn = {0133260224, 9780133260229},
 edition = {1st},
 publisher = {Addison-Wesley Professional},
}
