%% LaTeX2e file `lab4.bib'
%% generated by the `filecontents' environment
%% from source `lab4' on 2017/12/11.
%%
@book{nisan2007algorithmic,
  title={Algorithmic game theory},
  author={Nisan, Noam and Roughgarden, Tim and Tardos, Eva and Vazirani, Vijay V},
  volume={1},
  year={2007},
  publisher={Cambridge University Press Cambridge}
}
@article{simpkins2008towards,
  title={Towards Adaptive Programming},
  author={Simpkins, Christopher and Bhat, Sooraj and Isbell Jr, Charles and Mateas, Michael},
  year={2008}
}
